@Misc{partadv,
  OPTkey = 	 {},
  OPTauthor = 	 {},
  Ttitle = 	 {The Particle Adventure},
  howpublished = {internet: http://particleadventure.org},
  OPTmonth = 	 {},
  OPTyear = 	 {},
  OPTnote = 	 {},
  OPTannote = 	 {}
}

@Book{halliday,
  author = 	 {Halliday AND Resnick AND Walker},
  ALTeditor = 	 {},
  title = 	 {Fundamentos da Física},
  publisher = 	 {Livros Técnicos e Científicos Editora},
  year = 	 {1995},
  OPTkey = 	 {},
  OPTvolume = 	 {},
  OPTnumber = 	 {},
  OPTseries = 	 {},
  OPTaddress = 	 {},
  edition = 	 {4a.},
  OPTmonth = 	 {},
  OPTnote = 	 {},
  OPTannote = 	 {}
}

@Article{hadcal,
  author = 	 {R.~Wigmans},
  title = 	 {Advances in Hadron Calorimetry},
  journal = 	 {Annual Review of Nuclear and Particle Science},
  year = 	 {1991},
  OPTkey = 	 {},
  OPTvolume = 	 {},
  OPTnumber = 	 {},
  OPTpages = 	 {},
  OPTmonth = 	 {},
  OPTnote = 	 {},
  OPTannote = 	 {}
}

@Book{bock:detector,
  author = 	 {R.K.~Bock AND A.Vascileu},
  ALTeditor = 	 {},
  title = 	 {The Particle Detector BriefBook},
  publisher = 	 {Springer},
  year = 	 {1999},
  OPTkey = 	 {},
  OPTvolume = 	 {},
  OPTnumber = 	 {},
  OPTseries = 	 {},
  OPTaddress = 	 {},
  OPTedition = 	 {},
  OPTmonth = 	 {},
  OPTnote = 	 {},
  OPTannote = 	 {}
}

@Misc{booth,
  OPTkey = 	 {},
  author = 	 {C.N.~Booth},
  title = 	 {Aspects of Modern Physics},
  howpublished = {internet: http://\-www.shef.ac.uk\-/\-physics\-/\-teaching\-/\-phy311},
  OPTmonth = 	 {},
  OPTyear = 	 {},
  OPTnote = 	 {},
  OPTannote = 	 {}
}

